%%%%%%%%%%%%%%%% REGIONALIZATION %%%%%%%%%%%%%%%%%%%%%%%%%%%%%%%
@article{Ward1963,
    author          = {J.H. Ward Jr.},
    title           = {Hierarchical Clustering to Optimize an Objective Function},
    journal         = {Journal of the Amercan Statistical Association},
    volume          = {58},
    number          = {},
    pages           = {236-244},
    year            = {1963}
}

@article{Lloyd1982,
    author          = {Stuart P. Lloyd},
    title           = {Least squares quantization in PCM},
    journal         = {IEEE Transactions on Information Theory},
    volume          = {28},
    number          = {2},
    pages           = {129-137},
    year            = {1982}
}

@article{Assuncao2006,
    author          = {R.M. Assun{\c c}{\~a}o and M.C. Neves and G. C{\^a}mara and C. Da Costa Freitas},
    title           = {Efficient regionalization techniques for socio-economic geographical units using minimum spanning trees},
    journal         = {International Journal of Geographic Information Science},
    volume          = {20},
    number          = {7},
    pages           = {797-811},
    year            = {2006}
}

@article{Duque2012,
    author          = {J.C. Duque, L. Anselin, S.J. Rey},
    title           = {The max-p regions problem},
    journal         = {Journal of Regional Science},
    volume          = {52},
    pages           = {397-419},
    year            = {2012}
}
@article{Wei2020,
    author          = {R. Wei and S. Rey and E. Knaap},
    title           = {Efficient regionalization for spatially explicit neighborhood delineation},
    journal         = {International Journal of Geographical Information Science},
    volume          = {},
    number          = {},
    year            = {2020}
}

%%%%%%%%%%%%%%%%       SI        %%%%%%%%%%%%%%%%%%%%%%%%%%%%%%%
@book{Fotheringham1989,
    author         = {A.S. Fotheringham and M.E. O’Kelly},
    editor         = {},
    title          = {Spatial Interaction Models: Formulations and Applications},
    publisher      = {Kluwer Academic Publishers},
    year           = {1989}
}

@article{Oshan2016,
    author          = {T.M. Oshan},
    title           = {A primer for working with the Spatial Interaction modeling (SpInt) module in the Python spatial analysis library (PySAL)},
    journal         = {REGION},
    volume          = {3},
    number          = {2},
    pages           = {11},
    year            = {2016}
}

%%%%%%%%%%%%%%%%      MIX        %%%%%%%%%%%%%%%%%%%%%%%%%%%%%%%
@article{Openshaw1976,
    author          = {S. Openshaw},
    title           = {Optimal zoning systems for spatial interaction models},
    journal         = {Environment and Planning A},
    volume          = {9},
    number          = {},
    pages           = {169-184},
    year            = {1976}
}

%%%%%%%%%%%%%%%%     OTHER       %%%%%%%%%%%%%%%%%%%%%%%%%%%%%%%
@book{Openshaw1983,
    author         = {S. Openshaw},
    editor         = {},
    title          = {The modifiable areal unit problem},
    publisher      = {Norwick: Geo Books},
    year           = {1983}
}

@book{Batty2013,
    author         = {Michael Batty},
    editor         = {},
    title          = {The new science of cities},
    publisher      = {MIT Press},
    year           = {2013}
}

@misc{ACS2018,
    author       = {U.S. Census Bureau},
    title        = {County-to-County Migration Flows: 2014-2018 {ACS}},
    howpublished = {census.gov},
    year         = {2018}
}

%%%%%%%%%%%%%%%%     CODE        %%%%%%%%%%%%%%%%%%%%%%%%%%%%%%%
@ARTICLE{numpy,
    author  = {Harris, Charles R. and Millman, K. Jarrod and
              van der Walt, Stéfan J and Gommers, Ralf and
              Virtanen, Pauli and Cournapeau, David and
              Wieser, Eric and Taylor, Julian and Berg, Sebastian and
              Smith, Nathaniel J. and Kern, Robert and Picus, Matti and
              Hoyer, Stephan and van Kerkwijk, Marten H. and
              Brett, Matthew and Haldane, Allan and
              Fernández del Río, Jaime and Wiebe, Mark and
              Peterson, Pearu and Gérard-Marchant, Pierre and
              Sheppard, Kevin and Reddy, Tyler and Weckesser, Warren and
              Abbasi, Hameer and Gohlke, Christoph and
              Oliphant, Travis E.},
    title   = {Array programming with {NumPy}},
    journal = {Nature},
    year    = {2020},
    volume  = {585},
    pages   = {357–362},
    doi     = {10.1038/s41586-020-2649-2}
}

@InProceedings{pandas,
    author    = { {W}es {M}c{K}inney },
    title     = { {D}ata {S}tructures for {S}tatistical {C}omputing in {P}ython },
    booktitle = { {P}roceedings of the 9th {P}ython in {S}cience {C}onference },
    pages     = { 56 - 61 },
    year      = { 2010 },
    editor    = { {S}t\'efan van der {W}alt and {J}arrod {M}illman },
    doi       = { 10.25080/Majora-92bf1922-00a }
}

@ARTICLE{matplotlib,
    author={J. D. {Hunter}},
    journal={Computing in Science   Engineering}, 
    title={Matplotlib: A 2D Graphics Environment}, 
    year={2007},
    volume={9},
    number={3},
    pages={90-95},
    doi={10.1109/MCSE.2007.55}
}